<?xml version="1.0" encoding="UTF-8"?><collection xmlns="http://www.loc.gov/MARC21/slim"><record><leader>00358nam--2200145-i-4500</leader><controlfield tag="001">000041352</controlfield><controlfield tag="002">20161230</controlfield><controlfield tag="005">20170205222219</controlfield><controlfield tag="008">060222s1000------------r-----000-0-eng-d</controlfield><datafield ind1=" " ind2=" " tag="100"><subfield code="a">Sharpe, Jack</subfield></datafield><datafield ind1=" " ind2=" " tag="245"><subfield code="a">Nuclear radiation measurement</subfield></datafield><datafield ind1=" " ind2=" " tag="260"><subfield code="a">London</subfield><subfield code="b">Temple Press Ltd</subfield><subfield code="c">1960</subfield></datafield><datafield ind1=" " ind2=" " tag="300"><subfield code="a">VII + 71 p</subfield></datafield><datafield ind1=" " ind2=" " tag="852"><subfield code="a">18502</subfield></datafield><datafield ind1=" " ind2=" " tag="CAT"><subfield code="a">SYS</subfield><subfield code="c">20170205</subfield><subfield code="h">222219</subfield></datafield></record></collection>